@article{PhysRev.47.777,
  title = {Can Quantum-Mechanical Description of Physical Reality Be Considered Complete?},
  author = {Einstein, A. and Podolsky, B. and Rosen, N.},
  journal = {Phys. Rev.},
  volume = {47},
  issue = {10},
  pages = {777--780},
  numpages = {0},
  year = {1935},
  month = {5},
  publisher = {American Physical Society},
  doi = {10.1103/PhysRev.47.777},
  url = {https://link.aps.org/doi/10.1103/PhysRev.47.777}
}

@manual{GP1StromSpannung,
  title = {GP1 Versuch 5: Strom- und Spannungsmessung},
  author = {{Lehrkräfte des Instituts für Experimentalphysik}},
  year = {2023},
	version = {2023 (iOLab)},
  publisher = {Institut für Experimentalphysik},
	location = {Universität Innsbruck, Innsbruck, AT}
}

@manual{TiltFilter,
  author    = {Turan Erdogan},
  title     = {Optical Filters: Non-normal Angles of Incidence},
  organization = {Semrock},
  year      = {2011},
	url				= {https://www.semrock.com/Data/Sites/1/semrockpdfs/nonnormalanglesofincidence.pdf},
	location = {Rochester, New York, USA}
 }


@manual{biblatexManual,
  author    = {Philip Kime and Moritz Wemheuer and Philipp Lehman},
  title     = {Das biblatex Paket --- Das Benutzerhandbuch},
  year      = {2021},
  month		= {5},
  version 	= {3.15b},
	url				= {https://mirror.kumi.systems/ctan/info/translations/biblatex/de/biblatex-de-Benutzerhandbuch.pdf}
 }


@book{Demtroeder3,
  author = {Demtr\"oder, Wolfgang}, 
  title = {Experimentalphysik 3: Atome, Moleküle, und Festkörper},
  publisher = {Springer},
  year = 2010,
  address = {Berlin}
}

@book{Demtroeder4,
	author = {Demtr\"oder, Wolfgang}, 
	title = {Experimentalphysik 4: Kern-, Teichen-, und Astrophysik},
	publisher = {Springer},
	year = 2013,
	address = {Berlin}
}


@online{extolat,
  author = {Chelsea Hughes and Kirill Müller and Andrew Hawryluk and Joachim Marder and George Pearson}, 
  title = {{Excel2LaTeX --- Convert Excel spreadsheets to LaTeX tables}},
  url = {https://ctan.org/pkg/excel2latex?lang=de},
  note = {Online; Stand: 17. Juli 2017.  Abgerufen am 10. November 2022.}
}

%@online{Silbentrennung,
%  author = {Wikibooks}, 
%  title = {LaTeX-{W}\"orterbuch: Silbentrennung},
%  url = {https://de.wikibooks.org/wiki/LaTeX-W%C3%B6rterbuch:_Silbentrennung},
%  year         = {Stand: 25. März 2019.  Abgerufen am 02. Nov. 2020}
%}

@misc{Silbentrennung,
	author = "Wikibooks",
	title = "LaTeX-Wörterbuch: Silbentrennung --- Wikibooks{,} Die freie Bibliothek",
	year = "2021",
	url = "https://de.wikibooks.org/w/index.php?title=LaTeX-W%C3%B6rterbuch:_Silbentrennung&oldid=963022",
	note = "Online; Stand: 9. Juni 2021. Abgerufen am 10. November 2022"
}

@online{Internetquelle1,
  author = {{National Institute of Standards and Technology (NIST)}}, 
  title = {The {NIST} Reference on Constants, Units, and Uncertainty},
  url = {http://physics.nist.gov/cuu/Constants/index.html?/codata86.html},
  note = {Online; Stand: Oktober 2016.  Abgerufen am 12. Oktober 2017}
}

 @misc{Internetquelle2,
	author = "Wikipedia",
	title = "Lise Meitner --- Wikipedia{,} die freie Enzyklopädie",
	year = "2022",
	url = "https://de.wikipedia.org/w/index.php?title=Lise_Meitner&oldid=227533544",
	note = "Online; Stand 1. November 2022. Abgerufen am 10. November 2022."
}

@online{Internetbildquelle,
  author = {Pluck, Kevin}, 
  title = {The {K}ing},
  url = {https://www.flickr.com/photos/27109510@N00/11232963},
  note  = {Online; Stand: 26. {J}uli 2004.  Abgerufen am 15. November 2017}
}

@online{bibtextobiber,
  author = {{J. Wright (https://tex.stackexchange.com/users/73/joseph-wright)}}, 
  title = {Biblatex with Biber: Configuring my editor to avoid undefined citations},
  url = {https://tex.stackexchange.com/questions/154751/biblatex-with-biber-configuring-my-editor-to-avoid-undefined-citations},
  howpublished = {TeX - LaTeX Stack Exchange},
  note  = {Online; Stand: 30. {J}uli 2019.  Abgerufen am 11. November 2020}
}

@online{biblatex,
  author = {{Ebosi (https://tex.stackexchange.com/users/64454/ebosi)}}, 
  title = {Bibtex vs. biber and biblatex vs. natbib},
  howpublished = {TeX - LaTeX Stack Exchange},
  url = {https://tex.stackexchange.com/questions/25701/bibtex-vs-biber-and-biblatex-vs-natbib},
  note  = {Online; Stand: 13. {A}pril 2017.  Abgerufen am 11. November 2020}
}